@article{astrometry,
  title={Astrometry. net: Blind astrometric calibration of arbitrary astronomical images},
  author={Lang, Dustin and Hogg, David W and Mierle, Keir and Blanton, Michael and Roweis, Sam},
  journal={The astronomical journal},
  volume={139},
  number={5},
  pages={1782},
  year={2010},
  publisher={IOP Publishing}
}

@article{emcee,
  title={emcee: the MCMC hammer},
  author={Foreman-Mackey, Daniel and Hogg, David W and Lang, Dustin and Goodman, Jonathan},
  journal={Publications of the Astronomical Society of the Pacific},
  volume={125},
  number={925},
  pages={306},
  year={2013},
  publisher={IOP Publishing}
}

@article{goodorbad,
  title={Is machine learning good or bad for the natural sciences?},
  author={Hogg, David W and Villar, Soledad},
  journal={Proceedings of the 41st International Conference of Machine Learning},
  year={2024}
}

@article{bolton2019applications,
  title={Applications of deep learning to ocean data inference and subgrid parameterization},
  author={Bolton, Thomas and Zanna, Laure},
  journal={Journal of Advances in Modeling Earth Systems},
  volume={11},
  number={1},
  pages={376--399},
  year={2019},
  publisher={Wiley Online Library}
}

@article{chen2020learning,
  title={Learning the Evolution of the Universe in N-body Simulations},
  author={Chen, Chang and Li, Yin and Villaescusa-Navarro, Francisco and Ho, Shirley and Pullen, Anthony},
  journal={arXiv preprint arXiv:2012.05472},
  year={2020}
}

@book{highorder,
  title={High-order methods for incompressible fluid flow},
  author={Deville, Michel O and Fischer, Paul F and Mund, Ernest H},
  volume={9},
  year={2002},
  publisher={Cambridge university press}
}

@article{simonsobservatory,
doi = {10.1088/1475-7516/2019/02/056},
url = {https://dx.doi.org/10.1088/1475-7516/2019/02/056},
year = {2019},
month = {feb},
publisher = {},
volume = {2019},
number = {02},
pages = {056},
author = {Peter Ade and James Aguirre and Zeeshan Ahmed and Simone Aiola and Aamir Ali and David Alonso and Marcelo A. Alvarez and Kam Arnold and Peter Ashton and Jason Austermann and Humna Awan and Carlo Baccigalupi and Taylor Baildon and Darcy Barron and Nick Battaglia and Richard Battye and Eric Baxter and Andrew Bazarko and James A. Beall and Rachel Bean and Dominic Beck and Shawn Beckman and Benjamin Beringue and Federico Bianchini and Steven Boada and David Boettger and J. Richard Bond and Julian Borrill and Michael L. Brown and Sarah Marie Bruno and Sean Bryan and Erminia Calabrese and Victoria Calafut and Paolo Calisse and Julien Carron and Anthony Challinor and Grace Chesmore and Yuji Chinone and Jens Chluba and Hsiao-Mei Sherry Cho and Steve Choi and Gabriele Coppi and Nicholas F. Cothard and Kevin Coughlin and Devin Crichton and Kevin D. Crowley and Kevin T. Crowley and Ari Cukierman and John M. D'Ewart and Rolando Dünner and Tijmen de Haan and Mark Devlin and Simon Dicker and Joy Didier and Matt Dobbs and Bradley Dober and Cody J. Duell and Shannon Duff and Adri Duivenvoorden and Jo Dunkley and John Dusatko and Josquin Errard and Giulio Fabbian and Stephen Feeney and Simone Ferraro and Pedro Fluxà and Katherine Freese and Josef C. Frisch and Andrei Frolov and George Fuller and Brittany Fuzia and Nicholas Galitzki and Patricio A. Gallardo and Jose Tomas Galvez Ghersi and Jiansong Gao and Eric Gawiser and Martina Gerbino and Vera Gluscevic and Neil Goeckner-Wald and Joseph Golec and Sam Gordon and Megan Gralla and Daniel Green and Arpi Grigorian and John Groh and Chris Groppi and Yilun Guan and Jon E. Gudmundsson and Dongwon Han and Peter Hargrave and Masaya Hasegawa and Matthew Hasselfield and Makoto Hattori and Victor Haynes and Masashi Hazumi and Yizhou He and Erin Healy and Shawn W. Henderson and Carlos Hervias-Caimapo and Charles A. Hill and J. Colin Hill and Gene Hilton and Matt Hilton and Adam D. Hincks and Gary Hinshaw and Renée Hložek and Shirley Ho and Shuay-Pwu Patty Ho and Logan Howe and Zhiqi Huang and Johannes Hubmayr and Kevin Huffenberger and John P. Hughes and Anna Ijjas and Margaret Ikape and Kent Irwin and Andrew H. Jaffe and Bhuvnesh Jain and Oliver Jeong and Daisuke Kaneko and Ethan D. Karpel and Nobuhiko Katayama and Brian Keating and Sarah S. Kernasovskiy and Reijo Keskitalo and Theodore Kisner and Kenji Kiuchi and Jeff Klein and Kenda Knowles and Brian Koopman and Arthur Kosowsky and Nicoletta Krachmalnicoff and Stephen E. Kuenstner and Chao-Lin Kuo and Akito Kusaka and Jacob Lashner and Adrian Lee and Eunseong Lee and David Leon and Jason S.-Y. Leung and Antony Lewis and Yaqiong Li and Zack Li and Michele Limon and Eric Linder and Carlos Lopez-Caraballo and Thibaut Louis and Lindsay Lowry and Marius Lungu and Mathew Madhavacheril and Daisy Mak and Felipe Maldonado and Hamdi Mani and Ben Mates and Frederick Matsuda and Loïc Maurin and Phil Mauskopf and Andrew May and Nialh McCallum and Chris McKenney and Jeff McMahon and P. Daniel Meerburg and Joel Meyers and Amber Miller and Mark Mirmelstein and Kavilan Moodley and Moritz Munchmeyer and Charles Munson and Sigurd Naess and Federico Nati and Martin Navaroli and Laura Newburgh and Ho Nam Nguyen and Michael Niemack and Haruki Nishino and John Orlowski-Scherer and Lyman Page and Bruce Partridge and Julien Peloton and Francesca Perrotta and Lucio Piccirillo and Giampaolo Pisano and Davide Poletti and Roberto Puddu and Giuseppe Puglisi and Chris Raum and Christian L. Reichardt and Mathieu Remazeilles and Yoel Rephaeli and Dominik Riechers and Felipe Rojas and Anirban Roy and Sharon Sadeh and Yuki Sakurai and Maria Salatino and Mayuri Sathyanarayana Rao and Emmanuel Schaan and Marcel Schmittfull and Neelima Sehgal and Joseph Seibert and Uros Seljak and Blake Sherwin and Meir Shimon and Carlos Sierra and Jonathan Sievers and Precious Sikhosana and Maximiliano Silva-Feaver and Sara M. Simon and Adrian Sinclair and Praween Siritanasak and Kendrick Smith and Stephen R. Smith and David Spergel and Suzanne T. Staggs and George Stein and Jason R. Stevens and Radek Stompor and Aritoki Suzuki and Osamu Tajima and Satoru Takakura and Grant Teply and Daniel B. Thomas and Ben Thorne and Robert Thornton and Hy Trac and Calvin Tsai and Carole Tucker and Joel Ullom and Sunny Vagnozzi and Alexander van Engelen and Jeff Van Lanen and Daniel D. Van Winkle and Eve M. Vavagiakis and Clara Vergès and Michael Vissers and Kasey Wagoner and Samantha Walker and Jon Ward and Ben Westbrook and Nathan Whitehorn and Jason Williams and Joel Williams and Edward J. Wollack and Zhilei Xu and Byeonghee Yu and Cyndia Yu and Fernando Zago and Hezi Zhang and Ningfeng Zhu and {The Simons Observatory collaboration}},
title = {The {Simons Observatory}: Science goals and forecasts},
journal = {Journal of Cosmology and Astroparticle Physics}
}

%%%% Soledad's references 

@article{raissi2019physics,
  title={Physics-informed neural networks: A deep learning framework for solving forward and inverse problems involving nonlinear partial differential equations},
  author={Raissi, Maziar and Perdikaris, Paris and Karniadakis, George E},
  journal={Journal of Computational physics},
  volume={378},
  pages={686--707},
  year={2019},
  publisher={Elsevier}
}

@inproceedings{huang2022local,
  title={From Local to Global: Spectral-Inspired Graph Neural Networks},
  author={Huang, Ningyuan Teresa and Villar, Soledad and Priebe, Carey and Zheng, Da and Huang, Chengyue and Yang, Lin and Braverman, Vladimir},
  booktitle={NeurIPS 2022 Workshop: New Frontiers in Graph Learning},
  year={2022}
}

@article{kim2021transformers,
  title={Transformers generalize deepsets and can be extended to graphs \& hypergraphs},
  author={Kim, Jinwoo and Oh, Saeyoon and Hong, Seunghoon},
  journal={Advances in Neural Information Processing Systems},
  volume={34},
  pages={28016--28028},
  year={2021}
}

@article{gresele2021independent,
  title={Independent mechanism analysis, a new concept?},
  author={Gresele, Luigi and Von K{\"u}gelgen, Julius and Stimper, Vincent and Sch{\"o}lkopf, Bernhard and Besserve, Michel},
  journal={Advances in neural information processing systems},
  volume={34},
  pages={28233--28248},
  year={2021}
}

@article{buchholz2022function,
  title={Function classes for identifiable nonlinear independent component analysis},
  author={Buchholz, Simon and Besserve, Michel and Sch{\"o}lkopf, Bernhard},
  journal={Advances in Neural Information Processing Systems},
  volume={35},
  pages={16946--16961},
  year={2022}
}
@inproceedings{cunningham2022principal,
  title={Principal component flows},
  author={Cunningham, Edmond and Cobb, Adam D and Jha, Susmit},
  booktitle={International Conference on Machine Learning},
  pages={4492--4519},
  year={2022},
  organization={PMLR}
}

@phdthesis{kate,
    author = {Storey-Fisher, Kate} ,
    title = {Tools for Cosmology with Galaxy Clustering},
    school = {New York University} ,
    year = {2023}
}

@article{gasteiger2021gemnet,
  title={Gemnet: Universal directional graph neural networks for molecules},
  author={Gasteiger, Johannes and Becker, Florian and G{\"u}nnemann, Stephan},
  journal={Advances in Neural Information Processing Systems},
  volume={34},
  pages={6790--6802},
  year={2021}
}

@article{gong2022efficient,
  title={An efficient Lorentz equivariant graph neural network for jet tagging},
  author={Gong, Shiqi and Meng, Qi and Zhang, Jue and Qu, Huilin and Li, Congqiao and Qian, Sitian and Du, Weitao and Ma, Zhi-Ming and Liu, Tie-Yan},
  journal={Journal of High Energy Physics},
  volume={2022},
  number={7},
  pages={1--22},
  year={2022},
  publisher={Springer}
}

@article{han2022learning,
  title={Learning physical dynamics with subequivariant graph neural networks},
  author={Han, Jiaqi and Huang, Wenbing and Ma, Hengbo and Li, Jiachen and Tenenbaum, Josh and Gan, Chuang},
  journal={Advances in Neural Information Processing Systems},
  volume={35},
  pages={26256--26268},
  year={2022}
}

@article{prantl2022guaranteed,
  title={Guaranteed conservation of momentum for learning particle-based fluid dynamics},
  author={Prantl, Lukas and Ummenhofer, Benjamin and Koltun, Vladlen and Thuerey, Nils},
  journal={Advances in Neural Information Processing Systems},
  volume={35},
  pages={6901--6913},
  year={2022}
}


@article{bogatskiy2022pelican,
  title={PELICAN: Permutation Equivariant and Lorentz Invariant or Covariant Aggregator Network for Particle Physics},
  author={Bogatskiy, Alexander and Hoffman, Timothy and Miller, David W and Offermann, Jan T},
  journal={arXiv preprint arXiv:2211.00454},
  year={2022}
}

@article{bonnefoy2023opportunistic,
  title={Opportunistic CP violation},
  author={Bonnefoy, Quentin and Gendy, Emanuele and Grojean, Christophe and Ruderman, Joshua T},
  journal={Journal of High Energy Physics},
  volume={2023},
  number={6},
  pages={1--68},
  year={2023},
  publisher={Springer}
}

@article{brehmer2023edgi,
  title={EDGI: Equivariant Diffusion for Planning with Embodied Agents},
  author={Brehmer, Johann and Bose, Joey and De Haan, Pim and Cohen, Taco},
  journal={arXiv preprint arXiv:2303.12410},
  year={2023}
}

@article{levin2023any,
  title={Any-dimensional equivariant neural networks},
  author={Levin, Eitan and D{\'\i}az, Mateo},
  journal={arXiv preprint arXiv:2306.06327},
  year={2023}
}

@article{hamm2020perspectives,
  title={Perspectives on CUR decompositions},
  author={Hamm, Keaton and Huang, Longxiu},
  journal={Applied and Computational Harmonic Analysis},
  volume={48},
  number={3},
  pages={1088--1099},
  year={2020},
  publisher={Elsevier}
}

@book{mcp,
  title={Modern Classical Physics: Optics, Fluids, Plasmas, Elasticity, Relativity, and Statistical Physics},
  author={Thorne, Kip~S. and Blandford, Roger~D.},
  isbn={9781400848898},
  year={2017},
  publisher={Princeton University Press}
}

@article{boker2023fine,
  title={Fine-grained Expressivity of Graph Neural Networks},
  author={B{\"o}ker, Jan and Levie, Ron and Huang, Ningyuan and Villar, Soledad and Morris, Christopher},
  journal={arXiv preprint arXiv:2306.03698},
  year={2023}
}

@article{gregory2023geometricimagenet,
  title={GeometricImageNet: Extending convolutional neural networks to vector and tensor images},
  author={Gregory, Wilson and Hogg, David W and Blum-Smith, Ben and Arias, Maria Teresa and Wong, Kaze WK and Villar, Soledad},
  journal={arXiv preprint arXiv:2305.12585},
  year={2023}
}


@ARTICLE{einstein,
       author = {Einstein, Albert},
        title = "{Die Grundlage der allgemeinen Relativit{\"a}tstheorie}",
      journal = {Annalen der Physik},
         year = 1916,
        month = Jan,
       volume = {354},
       number = {7},
        pages = {769-822},
          doi = {10.1002/andp.19163540702},
       adsurl = {https://ui.adsabs.harvard.edu/abs/1916AnP...354..769E},
      adsnote = {Provided by the SAO/NASA Astrophysics Data System}
}

@article{finlay2018lipschitz,
  title={Lipschitz regularized deep neural networks generalize and are adversarially robust},
  author={Finlay, Chris and Calder, Jeff and Abbasi, Bilal and Oberman, Adam},
  journal={arXiv preprint arXiv:1808.09540},
  year={2018}
}

@article{bartlett2017spectrally,
  title={Spectrally-normalized margin bounds for neural networks},
  author={Bartlett, Peter L and Foster, Dylan J and Telgarsky, Matus J},
  journal={Advances in neural information processing systems},
  volume={30},
  year={2017}
}

@article{bubeck2021universal,
  title={A universal law of robustness via isoperimetry},
  author={Bubeck, S{\'e}bastien and Sellke, Mark},
  journal={Advances in Neural Information Processing Systems},
  volume={34},
  pages={28811--28822},
  year={2021}
}

@article{macdonald2023progressive,
  title={On progressive sharpening, flat minima and generalisation},
  author={MacDonald, Lachlan Ewen and Valmadre, Jack and Lucey, Simon},
  journal={arXiv preprint arXiv:2305.14683},
  year={2023}
}

@article{cahill2023bilipschitz,
  title={Bilipschitz group invariants},
  author={Cahill, Jameson and Iverson, Joseph W and Mixon, Dustin G},
  journal={arXiv preprint arXiv:2305.17241},
  year={2023}
}

@article{mahoney2009cur,
  title={CUR matrix decompositions for improved data analysis},
  author={Mahoney, Michael W and Drineas, Petros},
  journal={Proceedings of the National Academy of Sciences},
  volume={106},
  number={3},
  pages={697--702},
  year={2009},
  publisher={National Acad Sciences}
}

@article{li2021ai,
  title={AI-assisted superresolution cosmological simulations},
  author={Li, Yin and Ni, Yueying and Croft, Rupert AC and Di Matteo, Tiziana and Bird, Simeon and Feng, Yu},
  journal={Proceedings of the National Academy of Sciences},
  volume={118},
  number={19},
  pages={e2022038118},
  year={2021},
  publisher={National Acad Sciences}
}
@article{ni2021ai,
  title={AI-assisted superresolution cosmological simulations--II. Halo substructures, velocities, and higher order statistics},
  author={Ni, Yueying and Li, Yin and Lachance, Patrick and Croft, Rupert AC and Di Matteo, Tiziana and Bird, Simeon and Feng, Yu},
  journal={Monthly Notices of the Royal Astronomical Society},
  volume={507},
  number={1},
  pages={1021--1033},
  year={2021},
  publisher={Oxford University Press}
}

@inproceedings{karras2020analyzing,
  title={Analyzing and improving the image quality of stylegan},
  author={Karras, Tero and Laine, Samuli and Aittala, Miika and Hellsten, Janne and Lehtinen, Jaakko and Aila, Timo},
  booktitle={Proceedings of the IEEE/CVF conference on computer vision and pattern recognition},
  pages={8110--8119},
  year={2020}
}

@article{delworth2012simulated,
  title={Simulated climate and climate change in the GFDL CM2. 5 high-resolution coupled climate model},
  author={Delworth, Thomas L and Rosati, Anthony and Anderson, Whit and Adcroft, Alistair J and Balaji, Venkatramani and Benson, Rusty and Dixon, Keith and Griffies, Stephen M and Lee, Hyun-Chul and Pacanowski, Ronald C and others},
  journal={Journal of Climate},
  volume={25},
  number={8},
  pages={2755--2781},
  year={2012}
}

@inproceedings{obrien2004gfdl,
  title={The GFDL data portal: A doorway to sharing model outputs},
  author={Obrien, KM and Hankin, S and Callahan, J and Balaji, V and Schweitzer, R and Mclean, J and Wei, Y and Manke, A},
  booktitle={AGU Fall Meeting Abstracts},
  volume={2004},
  pages={SF31A--0712},
  year={2004}
}

@article{rutledge2006nomads,
  title={NOMADS: A climate and weather model archive at the National Oceanic and Atmospheric Administration},
  author={Rutledge, Glenn K and Alpert, Jordan and Ebisuzaki, Wesley},
  journal={Bulletin of the American Meteorological Society},
  volume={87},
  number={3},
  pages={327--342},
  year={2006},
  publisher={American Meteorological Society}
}

@article{jong2023increases,
  title={Increases in extreme precipitation over the Northeast United States using high-resolution climate model simulations},
  author={Jong, Bor-Ting and Delworth, Thomas L and Cooke, William F and Tseng, Kai-Chih and Murakami, Hiroyuki},
  journal={npj Climate and Atmospheric Science},
  volume={6},
  number={1},
  pages={18},
  year={2023},
  publisher={Nature Publishing Group UK London}
}

@article{pascale2020increasing,
  title={Increasing risk of another Cape Town “Day Zero” drought in the 21st century},
  author={Pascale, Salvatore and Kapnick, Sarah B and Delworth, Thomas L and Cooke, William F},
  journal={Proceedings of the National Academy of Sciences},
  volume={117},
  number={47},
  pages={29495--29503},
  year={2020},
  publisher={National Acad Sciences}
}

@article{goyenola2023uruguay,
  title={Uruguay’s water crisis: prepare for future events},
  author={Goyenola, Guillermo},
  journal={Nature},
  volume={618},
  number={7966},
  pages={675--675},
  year={2023},
  publisher={Nature}
}

@article{anderson1972more,
  title={More Is Different: Broken symmetry and the nature of the hierarchical structure of science.},
  author={Anderson, Philip W},
  journal={Science},
  volume={177},
  number={4047},
  pages={393--396},
  year={1972},
  publisher={American Association for the Advancement of Science}
}

@misc{clifford,
  doi = {10.48550/ARXIV.2209.04934},
  url = {https://arxiv.org/abs/2209.04934},
  author = {Brandstetter, Johannes and Berg, Rianne van den and Welling, Max and Gupta, Jayesh K.},
  keywords = {Machine Learning (cs.LG), Computer Vision and Pattern Recognition (cs.CV), Fluid Dynamics (physics.flu-dyn), FOS: Computer and information sciences, FOS: Computer and information sciences, FOS: Physical sciences, FOS: Physical sciences},
  title = {Clifford Neural Layers for PDE Modeling},
  publisher = {arXiv},
  year = {2022},
  copyright = {Creative Commons Attribution Share Alike 4.0 International}
}

@article{delworth2020spear,
  title={SPEAR: The next generation GFDL modeling system for seasonal to multidecadal prediction and projection},
  author={Thomas L. Delworth and William F. Cooke and Alistair Adcroft and Mitchell Bushuk and Jan-Huey Chen and Krista A. Dunne and Paul Ginoux and Richard Gudgel and Robert W. Hallberg and Lucas Harris and Matthew J. Harrison and Nathaniel Johnson and Sarah B. Kapnick and Shian-Jian Lin and Feiyu Lu and Sergey Malyshev and Paul C. Milly and Hiroyuki Murakami and Vaishali Naik and Salvatore Pascale and David Paynter and Anthony Rosati and M.D. Schwarzkopf and Elena Shevliakova and Seth Underwood and Andrew T. Wittenberg and Baoqiang Xiang and Xiaosong Yang and Fanrong Zeng and Honghai Zhang and Liping Zhang and Ming Zhao},
  journal={Journal of Advances in Modeling Earth Systems},
  volume={12},
  number={3},
  pages={e2019MS001895},
  year={2020},
  publisher={Wiley Online Library}
}

@article{irrgang2021towards,
  title={Towards neural Earth system modelling by integrating artificial intelligence in Earth system science},
  author={Irrgang, Christopher and Boers, Niklas and Sonnewald, Maike and Barnes, Elizabeth A and Kadow, Christopher and Staneva, Joanna and Saynisch-Wagner, Jan},
  journal={Nature Machine Intelligence},
  volume={3},
  number={8},
  pages={667--674},
  year={2021},
  publisher={Nature Publishing Group UK London}
}

@article{zhou2019toward,
  title={Toward convective-scale prediction within the next generation global prediction system},
  author={Zhou, Linjiong and Lin, Shian-Jiann and Chen, Jan-Huey and Harris, Lucas M and Chen, Xi and Rees, Shannon L},
  journal={Bulletin of the American Meteorological Society},
  volume={100},
  number={7},
  pages={1225--1243},
  year={2019},
  publisher={American Meteorological Society}
}

@article{pfau2020ab,
  title={Ab initio solution of the many-electron Schr{\"o}dinger equation with deep neural networks},
  author={Pfau, David and Spencer, James S and Matthews, Alexander GDG and Foulkes, W Matthew C},
  journal={Physical Review Research},
  volume={2},
  number={3},
  pages={033429},
  year={2020},
  publisher={APS}
}

@article{steerable,
  doi = {10.48550/ARXIV.1612.08498},
  url = {https://arxiv.org/abs/1612.08498},
  author = {Cohen, Taco S. and Welling, Max},
  keywords = {Machine Learning (cs.LG), Machine Learning (stat.ML), FOS: Computer and information sciences, FOS: Computer and information sciences},
  title = {Steerable CNNs},
  publisher = {arXiv},
  journal={arXiv preprint arXiv:1612.08498},
  year = {2016},
  copyright = {arXiv.org perpetual, non-exclusive license}
}

@misc{gerrychain,
  title={{GerryChain}},
  author={{Metric Geometry and Gerrymandering Group (MGGG)}},
  year={2018},
  howpublished={\url{https://github.com/mggg/gerrychain}},
}

@article{stiskalek2022scatter,
  title={The scatter in the galaxy--halo connection: a machine learning analysis},
  author={Stiskalek, Richard and Bartlett, Deaglan J and Desmond, Harry and Anbajagane, Dhayaa},
  journal={Monthly Notices of the Royal Astronomical Society},
  volume={514},
  number={3},
  pages={4026--4045},
  year={2022},
  publisher={Oxford University Press}
}

@article{de2022mimicking,
  title={Mimicking the halo--galaxy connection using machine learning},
  author={De Santi, Natal{\'\i} SM and Rodrigues, Nat{\'a}lia VN and Montero-Dorta, Antonio D and Abramo, L Raul and Tucci, Beatriz and Artale, M Celeste},
  journal={Monthly Notices of the Royal Astronomical Society},
  volume={514},
  number={2},
  pages={2463--2478},
  year={2022},
  publisher={Oxford University Press}
}

@article{vaswani2017attention,
  title={Attention is all you need},
  author={Vaswani, Ashish and Shazeer, Noam and Parmar, Niki and Uszkoreit, Jakob and Jones, Llion and Gomez, Aidan N and Kaiser, Lukasz and Polosukhin, Illia},
  journal={Advances in neural information processing systems},
  volume={30},
  year={2017}
}

@article{du2023m,
  title={M$^2$ Hub: Unlocking the Potential of Machine Learning for Materials Discovery},
  author={Du, Yuanqi and Wang, Yingheng and Huang, Yining and Li, Jianan Canal and Zhu, Yanqiao and Xie, Tian and Duan, Chenru and Gregoire, John M and Gomes, Carla P},
  journal={arXiv preprint arXiv:2307.05378},
  year={2023}
}

@article{choudhary2023large,
  title={Large Scale Benchmark of Materials Design Methods},
  author={Kamal Choudhary and  Daniel Wines and  Kangming Li and  Kevin F. Garrity and  Vishu Gupta and  Aldo H. Romero and  Jaron T. Krogel and  Kayahan Saritas and  Addis Fuhr and  Panchapakesan Ganesh and  Paul R. C. Kent and  Keqiang Yan and  Yuchao Lin and  Shuiwang Ji and  Ben Blaiszik and  Patrick Reiser and  Pascal Friederich and  Ankit Agrawal and  Pratyush Tiwary and  Eric Beyerle and  Peter Minch and  Trevor David Rhone and  Ichiro Takeuchi and  Robert B. Wexler and  Arun Mannodi-Kanakkithodi and  Elif Ertekin and  Avanish Mishra and  Nithin Mathew and  Sterling G. Baird and  Mitchell Wood and  Andrew Dale Rohskopf and  Jason Hattrick-Simpers and  Shih-Han Wang and  Luke E. K. Achenie and  Hongliang Xin and  Maureen Williams and  Adam J. Biacchi and  Francesca Tavazza},
  journal={arXiv preprint arXiv:2306.11688},
  year={2023}
}

@article{zhang2023score,
  title={A Score-Based Model for Learning Neural Wavefunctions},
  author={Zhang, Xuan and Xu, Shenglong and Ji, Shuiwang},
  journal={arXiv preprint arXiv:2305.16540},
  year={2023}
}

@article{yang2020scalable,
  title={Scalable variational Monte Carlo with graph neural ansatz},
  author={Yang, Li and Hu, Wenjun and Li, Li},
  journal={arXiv preprint arXiv:2011.12453},
  year={2020}
}

@article{thomas2018tensor,
  title={Tensor field networks: Rotation-and translation-equivariant neural networks for 3d point clouds},
  author={Thomas, Nathaniel and Smidt, Tess and Kearnes, Steven and Yang, Lusann and Li, Li and Kohlhoff, Kai and Riley, Patrick},
  journal={arXiv:1802.08219},
  year={2018}
}
@inproceedings{huang2021traffic,
  title={Traffic Agent Movement Prediction Using ResNet-based Model},
  author={Huang, Kai},
  booktitle={2021 6th International Conference on Intelligent Computing and Signal Processing (ICSP)},
  pages={136--139},
  year={2021},
  organization={IEEE}
}

@article{bietti2021sample,
  title={On the Sample Complexity of Learning with Geometric Stability},
  author={Bietti, Alberto and Venturi, Luca and Bruna, Joan},
  journal={arXiv preprint arXiv:2106.07148},
  year={2021}
}

@article{mei2021learning,
  title={Learning with invariances in random features and kernel models},
  author={Mei, Song and Misiakiewicz, Theodor and Montanari, Andrea},
  journal={arXiv preprint arXiv:2102.13219},
  year={2021}
}

@article{elesedy2021provably,
  title={Provably Strict Generalisation Benefit for Equivariant Models},
  author={Elesedy, Bryn and Zaidi, Sheheryar},
  journal={arXiv preprint arXiv:2102.10333},
  year={2021}
}

@article{kondor2018covariant,
  title={Covariant compositional networks for learning graphs},
  author={Kondor, Risi and Son, Hy Truong and Pan, Horace and Anderson, Brandon and Trivedi, Shubhendu},
  journal={arXiv:1801.02144},
  year={2018}
}

@inproceedings{zhao2020quaternion,
  title={Quaternion equivariant capsule networks for 3d point clouds},
  author={Zhao, Yongheng and Birdal, Tolga and Lenssen, Jan Eric and Menegatti, Emanuele and Guibas, Leonidas and Tombari, Federico},
  booktitle={European Conference on Computer Vision},
  pages={1--19},
  year={2020},
  organization={Springer}
}

@article{fuchs2020se,
  title={SE (3)-Transformers: 3D Roto-Translation Equivariant Attention Networks},
  author={Fuchs, Fabian and Worrall, Daniel and Fischer, Volker and Welling, Max},
  journal={Neural Information Processing Systems},
  volume={33},
  year={2020}
}

@article{enequivariant,
  author    = {Victor Garcia Satorras and
               Emiel Hoogeboom and
               Max Welling},
  title     = {E(n) Equivariant Graph Neural Networks},
  journal   = {arXiv:2102.09844},
  year      = {2021}
}


@article{ricci,
  title={M{\'e}thodes de calcul diff{\'e}rentiel absolu et leurs applications},
  author={Ricci, M. M. G. and Levi-Civita, Tullio},
  journal={Mathematische Annalen},
  volume={54},
  number={1},
  pages={125--201},
  year={1900},
  publisher={Springer}
}

@ARTICLE{einstein,
       author = {Einstein, Albert.},
        title = "{Die Grundlage der allgemeinen Relativit{\"a}tstheorie}",
      journal = {Annalen der Physik},
         year = 1916,
        month = Jan,
       volume = {354},
       number = {7},
        pages = {769-822},
          doi = {10.1002/andp.19163540702},
       adsurl = {https://ui.adsabs.harvard.edu/abs/1916AnP...354..769E},
      adsnote = {Provided by the SAO/NASA Astrophysics Data System}
}

@article{villar2021scalars,
  title={Scalars are universal: Equivariant machine learning, structured like classical physics},
  author={Villar, Soledad and Hogg, David W and Storey-Fisher, Kate and Yao, Weichi and Blum-Smith, Ben},
  journal={Advances in Neural Information Processing Systems},
  volume={34},
  pages={28848--28863},
  year={2021}
}

@article{karniadakis2021physics,
  title={Physics-informed machine learning},
  author={Karniadakis, George Em and Kevrekidis, Ioannis G and Lu, Lu and Perdikaris, Paris and Wang, Sifan and Yang, Liu},
  journal={Nature Reviews Physics},
  volume={3},
  number={6},
  pages={422--440},
  year={2021},
  publisher={Nature Publishing Group}
}


@article{liouville,
  author= {Liouville, Joseph},
  year={1838},
  title={Sur la Theorie de la Variation des constantes arbitraires},
  journal={Journal de math\'ematiques pures et appliqu\'ees},
  volume={3},
  pages={342–349}
}

@article{emulatecosmo,
  title={NECOLA: toward a universal field-level cosmological emulator},
  author={Kaushal, Neerav and Villaescusa-Navarro, Francisco and Giusarma, Elena and Li, Yin and Hawry, Conner and Reyes, Mauricio},
  journal={The Astrophysical Journal},
  volume={930},
  number={2},
  pages={115},
  year={2022},
  publisher={IOP Publishing}
}

@article{superres2,
  title={AI-assisted super-resolution cosmological simulations III: Time evolution},
  author={Zhang, Xiaowen and Lachance, Patrick and Ni, Yueying and Li, Yin and Croft, Rupert AC and Di Matteo, Tiziana and Bird, Simeon and Feng, Yu},
  journal={arXiv preprint arXiv:2305.12222},
  year={2023}
}

@article{superres1,
  title={Super-resolution emulator of cosmological simulations using deep physical models},
  author={Kodi Ramanah, Doogesh and Charnock, Tom and Villaescusa-Navarro, Francisco and Wandelt, Benjamin D},
  journal={Monthly Notices of the Royal Astronomical Society},
  volume={495},
  number={4},
  pages={4227--4236},
  year={2020},
  publisher={Oxford University Press}
}

@article{sham,
  title={The connection between galaxies and dark matter structures in the local universe},
  author={Reddick, Rachel M and Wechsler, Risa H and Tinker, Jeremy L and Behroozi, Peter S},
  journal={The Astrophysical Journal},
  volume={771},
  number={1},
  pages={30},
  year={2013},
  publisher={IOP Publishing}
}

@article{tng,
  title={Simulating galaxy formation with the IllustrisTNG model},
  author={Pillepich, Annalisa and Springel, Volker and Nelson, Dylan and Genel, Shy and Naiman, Jill and Pakmor, R{\"u}diger and Hernquist, Lars and Torrey, Paul and Vogelsberger, Mark and Weinberger, Rainer and Federico Marinacci},
  journal={Monthly Notices of the Royal Astronomical Society},
  volume={473},
  number={3},
  pages={4077--4106},
  year={2018},
  publisher={Oxford University Press}
}

@article{nbody,
  title={Numerical techniques for large cosmological N-body simulations},
  author={Efstathiou, George and Davis, Marc and White, SDM and Frenk, CS},
  journal={The Astrophysical Journal Supplement Series},
  volume={57},
  pages={241--260},
  year={1985}
}

@article{eboss,
  title={Cosmological implications of the full shape of anisotropic clustering measurements in BOSS and eBOSS},
  author={Semenaite, Agne and S{\'a}nchez, Ariel G and Pezzotta, Andrea and Hou, Jiamin and Scoccimarro, Roman and Eggemeier, Alexander and Crocce, Martin and Chuang, Chia-Hsun and Smith, Alexander and Zhao, Cheng and Joel R. Brownstein and Graziano Rossi and Donald P. Schneider},
  journal={Monthly Notices of the Royal Astronomical Society},
  volume={512},
  number={4},
  pages={5657--5670},
  year={2022},
  publisher={Oxford University Press}
}

@article{sbi,
  title={The frontier of simulation-based inference},
  author={Cranmer, Kyle and Brehmer, Johann and Louppe, Gilles},
  journal={Proceedings of the National Academy of Sciences},
  volume={117},
  number={48},
  pages={30055--30062},
  year={2020},
  publisher={National Acad Sciences}
}

@inproceedings{euclid,
  title={The {Euclid} mission design},
  author={Giuseppe D Racca and  Rene Laureijs and  Luca Stagnaro and  Jean Christophe Salvignol and  Jose Lorenzo Alvarez and  Gonzalo Saavedra Criado and  Luis Gaspar Venancio and  Alex Short and  Paolo Strada and  Tobias Boenke and  Cyril Colombo and  Adriano Calvi and  Elena Maiorano and  Osvaldo Piersanti and  Sylvain Prezelus and  Pierluigi Rosato and  Jacques Pinel and  Hans Rozemeijer and  Valentina Lesna and  Paolo Musi and  Marco Sias and  Alberto Anselmi and  Vincent Cazaubiel and  Ludovic Vaillon and  Yannick Mellier and  Jerome Amiaux and  Michel Berthe and  Marc Sauvage and  Ruyman Azzollini and  Mark Cropper and  Sabrina Pottinger and  Knud Jahnke and  Anne Ealet and  Thierry Maciaszek and  Fabio Pasian and  Andrea Zacchei and  Roberto Scaramella and  John Hoar and  Ralf Kohley and  Roland Vavrek and  Andreas Rudolph and  Micha Schmidt},
  booktitle={Space telescopes and instrumentation 2016: Optical, infrared, and millimeter wave},
  volume={9904},
  pages={235--257},
  year={2016},
  organization={SPIE}
}
@article{hao2022physics,
  title={Physics-informed machine learning: A survey on problems, methods and applications},
  author={Hao, Zhongkai and Liu, Songming and Zhang, Yichi and Ying, Chengyang and Feng, Yao and Su, Hang and Zhu, Jun},
  journal={arXiv preprint arXiv:2211.08064},
  year={2022}
}

@article{haloml1,
  title={Predicting halo occupation and galaxy assembly bias with machine learning},
  author={Xu, Xiaoju and Kumar, Saurabh and Zehavi, Idit and Contreras, Sergio},
  journal={Monthly Notices of the Royal Astronomical Society},
  volume={507},
  number={4},
  pages={4879--4899},
  year={2021},
  publisher={Oxford University Press}
}

@article{haloml2,
  title={Modelling the galaxy--halo connection with machine learning},
  author={Delgado, Ana Maria and Wadekar, Digvijay and Hadzhiyska, Boryana and Bose, Sownak and Hernquist, Lars and Ho, Shirley},
  journal={Monthly Notices of the Royal Astronomical Society},
  volume={515},
  number={2},
  pages={2733--2746},
  year={2022},
  publisher={Oxford University Press}
}

@article{halooccupation,
  title={The Halo occupation distribution and the physics of galaxy formation},
  author={Berlind, Andreas A and Weinberg, David H and Benson, Andrew J and Baugh, Carlton M and Cole, Shaun and Dav{\'e}, Romeel and Frenk, Carlos S and Jenkins, Adrian and Katz, Neal and Lacey, Cedric G},
  journal={The Astrophysical Journal},
  volume={593},
  number={1},
  pages={1},
  year={2003},
  publisher={IOP Publishing}
}

@article{jenner2021steerable,
  title={Steerable Partial Differential Operators for Equivariant Neural Networks},
  author={Jenner, Erik and Weiler, Maurice},
  journal={arXiv preprint arXiv:2106.10163},
  year={2021}
}


@article{bhardwaj2023steerable,
  title={Steerable Equivariant Representation Learning},
  author={Bhardwaj, Sangnie and McClinton, Willie and Wang, Tongzhou and Lajoie, Guillaume and Sun, Chen and Isola, Phillip and Krishnan, Dilip},
  journal={preprint ar{X}iv:2302.11349},
  year={2023}
}

@article{khosla2020supervised,
	Author = {Prannay Khosla and Piotr Teterwak and Chen Wang and Aaron Sarna and Yonglong Tian and Phillip Isola and Aaron Maschinot and Ce Liu and Dilip Krishnan},
	Journal = {arXiv preprint arXiv:2004.11362},
	Title = {Supervised Contrastive Learning},
	Year = {2020}}

@article{chen2017targeted,
	Author = {Chen, Xinyun and Liu, Chang and Li, Bo and Lu, Kimberly and Song, Dawn},
	Journal = {arXiv preprint arXiv:1712.05526},
	Title = {Targeted backdoor attacks on deep learning systems using data poisoning},
	Year = {2017}}

@incollection{NIPS2018_7849,
	Author = {Shafahi, Ali and Huang, W. Ronny and Najibi, Mahyar and Suciu, Octavian and Studer, Christoph and Dumitras, Tudor and Goldstein, Tom},
	Booktitle = {Advances in Neural Information Processing Systems 31},
	Editor = {S. Bengio and H. Wallach and H. Larochelle and K. Grauman and N. Cesa-Bianchi and R. Garnett},
	Pages = {6103--6113},
	Publisher = {Curran Associates, Inc.},
	Title = {Poison Frogs! Targeted Clean-Label Poisoning Attacks on Neural Networks},
	Url = {http://papers.nips.cc/paper/7849-poison-frogs-targeted-clean-label-poisoning-attacks-on-neural-networks.pdf},
	Year = {2018},
	Bdsk-Url-1 = {http://papers.nips.cc/paper/7849-poison-frogs-targeted-clean-label-poisoning-attacks-on-neural-networks.pdf}}

@misc{koh2018stronger,
	Archiveprefix = {arXiv},
	Author = {Pang Wei Koh and Jacob Steinhardt and Percy Liang},
	Eprint = {1811.00741},
	Primaryclass = {stat.ML},
	Title = {Stronger Data Poisoning Attacks Break Data Sanitization Defenses},
	Year = {2018}}

@inproceedings{xiao2012adversarial,
	Author = {Xiao, Han and Xiao, Huang and Eckert, Claudia},
	Booktitle = {Proceedings of the 20th European Conference on Artificial Intelligence},
	Pages = {870--875},
	Title = {Adversarial label flips attack on support vector machines},
	Year = {2012}}

@inproceedings{wong2018provable,
	Author = {Wong, Eric and Kolter, Zico},
	Booktitle = {International Conference on Machine Learning},
	Pages = {5283--5292},
	Title = {Provable Defenses against Adversarial Examples via the Convex Outer Adversarial Polytope},
	Year = {2018}}

@article{gowal2018effectiveness,
	Author = {Gowal, Sven and Dvijotham, Krishnamurthy and Stanforth, Robert and Bunel, Rudy and Qin, Chongli and Uesato, Jonathan and Mann, Timothy and Kohli, Pushmeet},
	Journal = {arXiv preprint arXiv:1810.12715},
	Title = {On the effectiveness of interval bound propagation for training verifiably robust models},
	Year = {2018}}

@inproceedings{cohen2019certified,
	Author = {Cohen, Jeremy and Rosenfeld, Elan and Kolter, Zico},
	Booktitle = {International Conference on Machine Learning},
	Pages = {1310--1320},
	Title = {Certified Adversarial Robustness via Randomized Smoothing},
	Year = {2019}}

@article{salman2019provably,
	Author = {Salman, Hadi and Yang, Greg and Li, Jerry and Zhang, Pengchuan and Zhang, Huan and Razenshteyn, Ilya and Bubeck, Sebastien},
	Journal = {arXiv preprint arXiv:1906.04584},
	Title = {Provably Robust Deep Learning via Adversarially Trained Smoothed Classifiers},
	Year = {2019}}

@inproceedings{lecuyer2018certified,
	Address = {Los Alamitos, CA, USA},
	Author = {M. Lecuyer and V. Atlidakis and R. Geambasu and D. Hsu and S. Jana},
	Booktitle = {2019 2019 IEEE Symposium on Security and Privacy (SP)},
	Doi = {10.1109/SP.2019.00044},
	Issn = {2375-1207},
	Keywords = {adversarial-examples;machine-learning;security;defense;deep-learning},
	Month = {may},
	Pages = {726-742},
	Publisher = {IEEE Computer Society},
	Title = {Certified Robustness to Adversarial Examples with Differential Privacy},
	Url = {https://doi.ieeecomputersociety.org/10.1109/SP.2019.00044},
	Year = {2019},
	Bdsk-Url-1 = {https://doi.ieeecomputersociety.org/10.1109/SP.2019.00044},
	Bdsk-Url-2 = {https://doi.org/10.1109/SP.2019.00044}}

@article{li2018second,
	Author = {Li, Bai and Chen, Changyou and Wang, Wenlin and Carin, Lawrence},
	Journal = {arXiv preprint arXiv:1809.03113},
	Title = {Second-order adversarial attack and certifiable robustness},
	Year = {2018}}

@inproceedings{lee2019tight,
	Author = {Lee, Guang-He and Yuan, Yang and Chang, Shiyu and Jaakkola, Tommi},
	Booktitle = {Advances in Neural Information Processing Systems},
	Pages = {4911--4922},
	Title = {Tight certificates of adversarial robustness for randomly smoothed classifiers},
	Year = {2019}}

@inproceedings{biggio2013evasion,
	Author = {Biggio, Battista and Corona, Igino and Maiorca, Davide and Nelson, Blaine and Srndic, Nedim and Laskov, Pavel and Giacinto, Giorgio and Roli, Fabio},
	Booktitle = {Joint European conference on machine learning and knowledge discovery in databases},
	Date-Modified = {2021-12-18 19:17:01 -0500},
	Organization = {Springer},
	Pages = {387--402},
	Title = {Evasion attacks against machine learning at test time},
	Year = {2013}}

@inproceedings{biggio12,
	Address = {Madison, WI, USA},
	Author = {Biggio, Battista and Nelson, Blaine and Laskov, Pavel},
	Booktitle = {Proceedings of the 29th International Coference on International Conference on Machine Learning},
	Isbn = {9781450312851},
	Location = {Edinburgh, Scotland},
	Numpages = {8},
	Pages = {1467--1474},
	Publisher = {Omnipress},
	Series = {ICML'12},
	Title = {Poisoning Attacks against Support Vector Machines},
	Year = {2012}}

@inproceedings{steinhardt2017certified,
	Author = {Steinhardt, Jacob and Koh, Pang Wei W and Liang, Percy S},
	Booktitle = {Advances in neural information processing systems},
	Pages = {3517--3529},
	Title = {Certified defenses for data poisoning attacks},
	Year = {2017}}

@incollection{NIPS2014_5352,
	Author = {Kingma, Durk P and Mohamed, Shakir and Jimenez Rezende, Danilo and Welling, Max},
	Booktitle = {Advances in Neural Information Processing Systems 27},
	Editor = {Z. Ghahramani and M. Welling and C. Cortes and N. D. Lawrence and K. Q. Weinberger},
	Pages = {3581--3589},
	Publisher = {Curran Associates, Inc.},
	Title = {Semi-supervised Learning with Deep Generative Models},
	Url = {http://papers.nips.cc/paper/5352-semi-supervised-learning-with-deep-generative-models.pdf},
	Year = {2014},
	Bdsk-Url-1 = {http://papers.nips.cc/paper/5352-semi-supervised-learning-with-deep-generative-models.pdf}}



@article{szegedy2013intriguing,
	Author = {Szegedy, Christian and Zaremba, Wojciech and Sutskever, Ilya and Bruna, Joan and Erhan, Dumitru and Goodfellow, Ian and Fergus, Rob},
	Journal = {arXiv preprint arXiv:1312.6199},
	Title = {Intriguing properties of neural networks},
	Year = {2013}}

@article{goodfellow2014explaining,
	Author = {Goodfellow, Ian J and Shlens, Jonathon and Szegedy, Christian},
	Journal = {arXiv preprint arXiv:1412.6572},
	Title = {Explaining and harnessing adversarial examples},
	Year = {2014}}

@article{romano2019adversarial,
	Author = {Romano, Yaniv and Aberdam, Aviad and Sulam, Jeremias and Elad, Michael},
	Journal = {Journal of Mathematical Imaging and Vision},
	Pages = {1--15},
	Publisher = {Springer},
	Title = {Adversarial noise attacks of deep learning architectures: Stability analysis via sparse-modeled signals},
	Year = {2019}}

@inproceedings{cisse2017houdini,
	Author = {Cisse, Moustapha M and Adi, Yossi and Neverova, Natalia and Keshet, Joseph},
	Booktitle = {Advances in Neural Information Processing Systems},
	Pages = {6977--6987},
	Title = {Houdini: Fooling deep structured visual and speech recognition models with adversarial examples},
	Year = {2017}}

@article{belinkov2017synthetic,
	Author = {Belinkov, Yonatan and Bisk, Yonatan},
	Journal = {arXiv preprint arXiv:1711.02173},
	Title = {Synthetic and natural noise both break neural machine translation},
	Year = {2017}}

@article{cheng2018seq2sick,
	Author = {Cheng, Minhao and Yi, Jinfeng and Zhang, Huan and Chen, Pin-Yu and Hsieh, Cho-Jui},
	Journal = {arXiv preprint arXiv:1803.01128},
	Title = {Seq2sick: Evaluating the robustness of sequence-to-sequence models with adversarial examples},
	Year = {2018}}

@article{liu2016delving,
	Author = {Liu, Yanpei and Chen, Xinyun and Liu, Chang and Song, Dawn},
	Journal = {arXiv preprint arXiv:1611.02770},
	Title = {Delving into transferable adversarial examples and black-box attacks},
	Year = {2016}}

@article{chen2020group,
	Author = {Chen, Shuxiao and Dobriban, Edgar and Lee, Jane H},
	Journal = {Journal of Machine Learning Research},
	Number = {245},
	Pages = {1--71},
	Title = {A group-theoretic framework for data augmentation},
	Volume = {21},
	Year = {2020}}

@article{madry2017towards,
	Author = {Madry, Aleksander and Makelov, Aleksandar and Schmidt, Ludwig and Tsipras, Dimitris and Vladu, Adrian},
	Journal = {International Conference on Learning Representations (ICLR)},
	Title = {Towards deep learning models resistant to adversarial attacks},
	Year = {2018}}

@article{athalye18,
	Author = {Athalye, Anish and Carlini, Nicholas and Wagner, David},
	Date-Added = {2021-05-11 23:29:04 -0400},
	Date-Modified = {2021-05-11 23:29:04 -0400},
	Journal = {arXiv preprint arXiv:1802.00420},
	Title = {Obfuscated gradients give a false sense of security: Circumventing defenses to adversarial examples},
	Year = {2018}}

@inproceedings{shafahi2018poison,
	Author = {Shafahi, Ali and Huang, W Ronny and Najibi, Mahyar and Suciu, Octavian and Studer, Christoph and Dumitras, Tudor and Goldstein, Tom},
	Booktitle = {Advances in Neural Information Processing Systems},
	Date-Added = {2021-05-11 23:28:14 -0400},
	Date-Modified = {2021-05-11 23:28:14 -0400},
	Pages = {6103--6113},
	Title = {Poison frogs! targeted clean-label poisoning attacks on neural networks},
	Year = {2018}}

@inproceedings{moosavi2016deepfool,
	Author = {Moosavi-Dezfooli, Seyed-Mohsen and Fawzi, Alhussein and Frossard, Pascal},
	Booktitle = {Proceedings of the IEEE conference on computer vision and pattern recognition},
	Date-Added = {2021-05-11 23:25:44 -0400},
	Date-Modified = {2021-05-11 23:25:44 -0400},
	Pages = {2574--2582},
	Title = {Deepfool: a simple and accurate method to fool deep neural networks},
	Year = {2016}}

@article{redmon2018yolov3,
	Author = {Redmon, Joseph and Farhadi, Ali},
	Date-Added = {2021-05-11 23:11:44 -0400},
	Date-Modified = {2021-05-11 23:11:44 -0400},
	Journal = {arXiv preprint arXiv:1804.02767},
	Title = {Yolov3: An incremental improvement},
	Year = {2018}}

@inproceedings{song2018physical,
	Author = {Song, Dawn and Eykholt, Kevin and Evtimov, Ivan and Fernandes, Earlence and Li, Bo and Rahmati, Amir and Tramer, Florian and Prakash, Atul and Kohno, Tadayoshi},
	Booktitle = {12th $\{$USENIX$\}$ Workshop on Offensive Technologies ($\{$WOOT$\}$ 18)},
	Date-Added = {2021-05-11 23:09:54 -0400},
	Date-Modified = {2021-05-11 23:09:54 -0400},
	Title = {Physical adversarial examples for object detectors},
	Year = {2018}}

@inproceedings{sharif2016accessorize,
	Author = {Sharif, Mahmood and Bhagavatula, Sruti and Bauer, Lujo and Reiter, Michael K},
	Booktitle = {Proceedings of the 2016 ACM SIGSAC Conference on Computer and Communications Security},
	Date-Added = {2021-05-11 23:09:24 -0400},
	Date-Modified = {2021-05-11 23:09:24 -0400},
	Organization = {ACM},
	Pages = {1528--1540},
	Title = {Accessorize to a crime: Real and stealthy attacks on state-of-the-art face recognition},
	Year = {2016}}

@article{metzen2017detecting,
	Author = {Metzen, Jan Hendrik and Genewein, Tim and Fischer, Volker and Bischoff, Bastian},
	Date-Added = {2021-05-11 23:08:12 -0400},
	Date-Modified = {2021-05-11 23:08:12 -0400},
	Journal = {arXiv preprint arXiv:1702.04267},
	Title = {On detecting adversarial perturbations},
	Year = {2017}}

@inproceedings{uesato2018adversarial,
	Author = {Uesato, Jonathan and O'donoghue, Brendan and Kohli, Pushmeet and Oord, Aaron},
	Booktitle = {International Conference on Machine Learning},
	Organization = {PMLR},
	Pages = {5025--5034},
	Title = {Adversarial risk and the dangers of evaluating against weak attacks},
	Year = {2018}}

@inproceedings{samangouei2018defense,
	Author = {Samangouei, Pouya and Kabkab, Maya and Chellappa, Rama},
	Booktitle = {International Conference on Learning Representations},
	Title = {Defense-GAN: Protecting Classifiers Against Adversarial Attacks Using Generative Models},
	Year = {2018}}

@inproceedings{zheng2016improving,
	Author = {Zheng, Stephan and Song, Yang and Leung, Thomas and Goodfellow, Ian},
	Booktitle = {Proceedings of the ieee conference on computer vision and pattern recognition},
	Pages = {4480--4488},
	Title = {Improving the robustness of deep neural networks via stability training},
	Year = {2016}}

@article{miyato2018virtual,
	Author = {Miyato, Takeru and Maeda, Shin-ichi and Koyama, Masanori and Ishii, Shin},
	Journal = {IEEE transactions on pattern analysis and machine intelligence},
	Number = {8},
	Pages = {1979--1993},
	Publisher = {IEEE},
	Title = {Virtual adversarial training: a regularization method for supervised and semi-supervised learning},
	Volume = {41},
	Year = {2018}}

@article{kurakin2016adversarial,
	Author = {Kurakin, Alexey and Goodfellow, Ian and Bengio, Samy},
	Journal = {arXiv preprint arXiv:1611.01236},
	Title = {Adversarial machine learning at scale},
	Year = {2016}}

@inproceedings{papernot2016distillation,
	Author = {Papernot, Nicolas and McDaniel, Patrick and Wu, Xi and Jha, Somesh and Swami, Ananthram},
	Booktitle = {2016 IEEE symposium on security and privacy (SP)},
	Organization = {IEEE},
	Pages = {582--597},
	Title = {Distillation as a defense to adversarial perturbations against deep neural networks},
	Year = {2016}}

@inproceedings{zhang2019theoretically,
	Author = {Zhang, Hongyang and Yu, Yaodong and Jiao, Jiantao and Xing, Eric and El Ghaoui, Laurent and Jordan, Michael},
	Booktitle = {International Conference on Machine Learning},
	Organization = {PMLR},
	Pages = {7472--7482},
	Title = {Theoretically principled trade-off between robustness and accuracy},
	Year = {2019}}

@article{athalye2018robustness,
	Author = {Athalye, Anish and Carlini, Nicholas},
	Journal = {arXiv preprint arXiv:1804.03286},
	Title = {On the robustness of the cvpr 2018 white-box adversarial example defenses},
	Year = {2018}}

@inproceedings{carlini2017adversarial,
	Author = {Carlini, Nicholas and Wagner, David},
	Booktitle = {Proceedings of the 10th ACM Workshop on Artificial Intelligence and Security},
	Pages = {3--14},
	Title = {Adversarial examples are not easily detected: Bypassing ten detection methods},
	Year = {2017}}

@inproceedings{athalye2018synthesizing,
	Author = {Athalye, Anish and Engstrom, Logan and Ilyas, Andrew and Kwok, Kevin},
	Booktitle = {International conference on machine learning},
	Organization = {PMLR},
	Pages = {284--293},
	Title = {Synthesizing robust adversarial examples},
	Year = {2018}}

@inproceedings{athalye2018obfuscated,
	Author = {Athalye, Anish and Carlini, Nicholas and Wagner, David},
	Booktitle = {International Conference on Machine Learning},
	Organization = {PMLR},
	Pages = {274--283},
	Title = {Obfuscated gradients give a false sense of security: Circumventing defenses to adversarial examples},
	Year = {2018}}

@misc{pyqg,
  doi = {10.5281/ZENODO.592513},
  url = {https://zenodo.org/record/592513},
  author = {Abernathey,  Ryan and {Rochanotes} and Ross,  Andrew and Jansen,  Malte and {Ziwei Li} and Poulin,  Francis J. and Constantinou,  Navid C. and {Anirban Sinha} and {Dhruv Balwada} and {SalahKouhen} and Jones,  Spencer and Rocha,  Cesar B and Wolfe,  Christopher L. Pitt and {Chuizheng Meng} and Van Kemenade,  Hugo and Bourbeau,  James and Penn,  James and Busecke,  Julius and Bueti,  Mike and {,  Tobias}},
  title = {pyqg/pyqg: v0.7.2},
  publisher = {Zenodo},
  year = {2022},
  copyright = {Open Access}
}

@article{perezhogin2023generative,
  title={Generative data-driven approaches for stochastic subgrid parameterizations in an idealized ocean model},
  author={Perezhogin, Pavel and Zanna, Laure and Fernandez-Granda, Carlos},
  journal={Journal of Advances in Modeling Earth Systems},
  volume={15},
  number={10},
  pages={e2023MS003681},
  year={2023},
  publisher={Wiley Online Library}
}

@article{xu2022pde,
  title={A PDE-free, neural network-based eddy viscosity model coupled with RANS equations},
  author={Xu, Ruiying and Zhou, Xu-Hui and Han, Jiequn and Dwight, Richard P and Xiao, Heng},
  journal={International Journal of Heat and Fluid Flow},
  volume={98},
  pages={109051},
  year={2022},
  publisher={Elsevier}
}

@article{levine2019robustness,
	Author = {Levine, Alexander and Feizi, Soheil},
	Journal = {Association for the Advancement of Artificial Intelligence (AAAI)},
	Title = {Robustness Certificates for Sparse Adversarial Attacks by Randomized Ablation},
	Year = {2020}}

@inproceedings{levine2019wasserstein,
	Author = {Levine, Alexander and Feizi, Soheil},
	Booktitle = {Proceedings of the Twenty Third International Conference on Artificial Intelligence and Statistics},
	Editor = {Silvia Chiappa and Roberto Calandra},
	Month = {26--28 Aug},
	Pages = {3938--3947},
	Pdf = {http://proceedings.mlr.press/v108/levine20a/levine20a.pdf},
	Publisher = {PMLR},
	Series = {Proceedings of Machine Learning Research},
	Title = {Wasserstein Smoothing: Certified Robustness against Wasserstein Adversarial Attacks},
	Url = {http://proceedings.mlr.press/v108/levine20a.html},
	Volume = {108},
	Year = {2020},
	Bdsk-Url-1 = {http://proceedings.mlr.press/v108/levine20a.html}}

@article{levine2020randomized,
	Author = {Levine, Alexander and Feizi, Soheil},
	Journal = {Advances in Neural Information Processing Systems (NeurIPS)},
	Title = {(De) Randomized Smoothing for Certifiable Defense against Patch Attacks},
	Year = {2020}}

@article{villar2023dimensionless,
  title={Dimensionless machine learning: Imposing exact units equivariance},
  author={Villar, Soledad and Yao, Weichi and Hogg, David W and Blum-Smith, Ben and Dumitrascu, Bianca},
  journal={Journal of Machine Learning Research},
  volume={24},
  number={109},
  pages={1--32},
  year={2023}
}

@article{villar2023passive,
  title={The passive symmetries of machine learning},
  author={Villar, Soledad and Hogg, David W and Yao, Weichi and Kevrekidis, George A and Sch{\"o}lkopf, Bernhard},
  journal={arXiv preprint arXiv:2301.13724},
  year={2023}
}

@article{bire2023ocean,
  title={Ocean emulation with fourier neural operators: Double gyre},
  author={Bire, Suyash and L{\"u}tjens, Bj{\"o}rn and Azizzadenesheli, Kamyar and Anandkumar, Anima and Hill, Christopher N},
  journal={Authorea Preprints},
  year={2023},
  publisher={Authorea}
}

@article{chattopadhyay2023oceannet,
  title={OceanNet: A principled neural operator-based digital twin for regional oceans},
  author={Chattopadhyay, Ashesh and Gray, Michael and Wu, Tianning and Lowe, Anna B and He, Ruoying},
  journal={arXiv preprint arXiv:2310.00813},
  year={2023}
}

@article{xiong2023ai,
  title={AI-GOMS: Large AI-Driven Global Ocean Modeling System},
  author={Xiong, Wei and Xiang, Yanfei and Wu, Hao and Zhou, Shuyi and Sun, Yuze and Ma, Muyuan and Huang, Xiaomeng},
  journal={arXiv preprint arXiv:2308.03152},
  year={2023}
}

@article{subel2024building,
  title={Building Ocean Climate Emulators},
  author={Subel, Adam and Zanna, Laure},
  journal={arXiv preprint arXiv:2402.04342},
  year={2024}
}

@book{sagaut2005large,
  title={Large eddy simulation for incompressible flows: an introduction},
  author={Sagaut, Pierre},
  year={2005},
  publisher={Springer Science \& Business Media}
}

@article{thuburn2014cascades,
  title={Cascades, backscatter and conservation in numerical models of two-dimensional turbulence},
  author={Thuburn, John and Kent, James and Wood, Nigel},
  journal={Quarterly Journal of the Royal Meteorological Society},
  volume={140},
  number={679},
  pages={626--638},
  year={2014},
  publisher={Wiley Online Library}
}

@article{jansen2014parameterizing,
  title={Parameterizing subgrid-scale eddy effects using energetically consistent backscatter},
  author={Jansen, Malte F and Held, Isaac M},
  journal={Ocean Modelling},
  volume={80},
  pages={36--48},
  year={2014},
  publisher={Elsevier}
}

@article{zanna2017scale,
  title={Scale-aware deterministic and stochastic parametrizations of eddy-mean flow interaction},
  author={Zanna, Laure and Mana, PierGianLuca Porta and Anstey, James and David, Tomos and Bolton, Thomas},
  journal={Ocean Modelling},
  volume={111},
  pages={66--80},
  year={2017},
  publisher={Elsevier}
}

@article{zanna2020data,
  title={Data-driven equation discovery of ocean mesoscale closures},
  author={Zanna, Laure and Bolton, Thomas},
  journal={Geophysical Research Letters},
  volume={47},
  number={17},
  pages={e2020GL088376},
  year={2020},
  publisher={Wiley Online Library}
}

@article{juricke2020ocean,
  title={Ocean kinetic energy backscatter parametrization on unstructured grids: Impact on global eddy-permitting simulations},
  author={Juricke, Stephan and Danilov, Sergey and Koldunov, Nikolay and Oliver, Marcel and Sidorenko, Dmitry},
  journal={Journal of Advances in Modeling Earth Systems},
  volume={12},
  number={1},
  pages={e2019MS001855},
  year={2020},
  publisher={Wiley Online Library}
}

@book{bishop2006pattern,
  title={Pattern recognition and machine learning},
  author={Bishop, Christopher M and Nasrabadi, Nasser M},
  volume={4},
  number={4},
  year={2006},
  publisher={Springer}
}

@book{hastie2009elements,
  title={The elements of statistical learning: data mining, inference, and prediction},
  author={Hastie, Trevor and Tibshirani, Robert and Friedman, Jerome H and Friedman, Jerome H},
  volume={2},
  year={2009},
  publisher={Springer}
}

@inproceedings{isola2017image,
  title={Image-to-image translation with conditional adversarial networks},
  author={Isola, Phillip and Zhu, Jun-Yan and Zhou, Tinghui and Efros, Alexei A},
  booktitle={Proceedings of the IEEE conference on computer vision and pattern recognition},
  pages={1125--1134},
  year={2017}
}

@article{molteni1996ecmwf,
  title={The ECMWF ensemble prediction system: Methodology and validation},
  author={Molteni, Franco and Buizza, Roberto and Palmer, Tim N and Petroliagis, Thomas},
  journal={Quarterly journal of the royal meteorological society},
  volume={122},
  number={529},
  pages={73--119},
  year={1996},
  publisher={Wiley Online Library}
}

@article{buizza1999stochastic,
  title={Stochastic representation of model uncertainties in the ECMWF ensemble prediction system},
  author={Buizza, Roberto and Milleer, M and Palmer, Tim N},
  journal={Quarterly Journal of the Royal Meteorological Society},
  volume={125},
  number={560},
  pages={2887--2908},
  year={1999},
  publisher={Wiley Online Library}
}

@article{palmer2019stochastic,
  title={Stochastic weather and climate models},
  author={Palmer, TN},
  journal={Nature Reviews Physics},
  volume={1},
  number={7},
  pages={463--471},
  year={2019},
  publisher={Nature Publishing Group}
}

@article{shutts2005kinetic,
  title={A kinetic energy backscatter algorithm for use in ensemble prediction systems},
  author={Shutts, Glenn},
  journal={Quarterly Journal of the Royal Meteorological Society: A journal of the atmospheric sciences, applied meteorology and physical oceanography},
  volume={131},
  number={612},
  pages={3079--3102},
  year={2005},
  publisher={Wiley Online Library}
}

@article{mana2014toward,
  title={Toward a stochastic parameterization of ocean mesoscale eddies},
  author={Mana, PierGianLuca Porta and Zanna, Laure},
  journal={Ocean Modelling},
  volume={79},
  pages={1--20},
  year={2014},
  publisher={Elsevier}
}

@article{shutts2007convective,
  title={Convective forcing fluctuations in a cloud-resolving model: Relevance to the stochastic parameterization problem},
  author={Shutts, GJ and Palmer, TN},
  journal={Journal of climate},
  volume={20},
  number={2},
  pages={187--202},
  year={2007},
  publisher={American Meteorological Society}
}

@article{guillaumin2021stochastic,
  title={Stochastic-deep learning parameterization of ocean momentum forcing},
  author={Guillaumin, Arthur P and Zanna, Laure},
  journal={Journal of Advances in Modeling Earth Systems},
  volume={13},
  number={9},
  pages={e2021MS002534},
  year={2021},
  publisher={Wiley Online Library}
}

@article{berloff2005dynamically,
  title={On dynamically consistent eddy fluxes},
  author={Berloff, Pavel S},
  journal={Dynamics of atmospheres and oceans},
  volume={38},
  number={3-4},
  pages={123--146},
  year={2005},
  publisher={Elsevier}
}

@article{goodfellow2014generative,
  title={Generative adversarial nets},
  author={Goodfellow, Ian and Pouget-Abadie, Jean and Mirza, Mehdi and Xu, Bing and Warde-Farley, David and Ozair, Sherjil and Courville, Aaron and Bengio, Yoshua},
  journal={Advances in neural information processing systems},
  volume={27},
  year={2014}
}

@article{adler2018deep,
  title={Deep bayesian inversion},
  author={Adler, Jonas and {\"O}ktem, Ozan},
  journal={arXiv preprint arXiv:1811.05910},
  year={2018}
}

@article{mirza2014conditional,
  title={Conditional generative adversarial nets},
  author={Mirza, Mehdi and Osindero, Simon},
  journal={arXiv preprint arXiv:1411.1784},
  year={2014}
}

@inproceedings{ohayon2021high,
  title={High perceptual quality image denoising with a posterior sampling cgan},
  author={Ohayon, Guy and Adrai, Theo and Vaksman, Gregory and Elad, Michael and Milanfar, Peyman},
  booktitle={Proceedings of the IEEE/CVF International Conference on Computer Vision},
  pages={1805--1813},
  year={2021}
}

@article{yunlong2020diversity,
  title={Diversity Augmented Conditional Generative Adversarial Network for Enhanced Multimodal Image-to-Image Translation},
  author={Yunlong, MENG and Xu, Lin},
  year={2020}
}

@inproceedings{mao2019mode,
  title={Mode seeking generative adversarial networks for diverse image synthesis},
  author={Mao, Qi and Lee, Hsin-Ying and Tseng, Hung-Yu and Ma, Siwei and Yang, Ming-Hsuan},
  booktitle={Proceedings of the IEEE/CVF conference on computer vision and pattern recognition},
  pages={1429--1437},
  year={2019}
}

@article{arjovsky2017wasserstein,
  title={Wasserstein gan. arXiv 2017},
  author={Arjovsky, Martin and Chintala, Soumith and Bottou, L{\'e}on},
  journal={arXiv preprint arXiv:1701.07875},
  volume={30},
  number={4},
  year={2017}
}

@misc{samudra2005,
      title={Samudra: An AI Global Ocean Emulator for Climate}, 
      author={Surya Dheeshjith and Adam Subel and Alistair Adcroft and Julius Busecke and Carlos Fernandez-Granda and Shubham Gupta and Laure Zanna},
      year={2025},
      eprint={2412.03795},
      archivePrefix={arXiv},
      primaryClass={physics.ao-ph},
      url={https://arxiv.org/abs/2412.03795}, 
}
@article{gulrajani2017improved,
  title={Improved training of wasserstein gans},
  author={Gulrajani, Ishaan and Ahmed, Faruk and Arjovsky, Martin and Dumoulin, Vincent and Courville, Aaron C},
  journal={Advances in neural information processing systems},
  volume={30},
  year={2017}
}

@article{radford2015unsupervised,
  title={Unsupervised representation learning with deep convolutional generative adversarial networks},
  author={Radford, Alec and Metz, Luke and Chintala, Soumith},
  journal={arXiv preprint arXiv:1511.06434},
  year={2015}
}

@article{alvelius1999random,
  title={Random forcing of three-dimensional homogeneous turbulence},
  author={Alvelius, Krister},
  journal={Physics of Fluids},
  volume={11},
  number={7},
  pages={1880--1889},
  year={1999},
  publisher={American Institute of Physics}
}

@article{palmer2000predicting,
  title={Predicting uncertainty in forecasts of weather and climate},
  author={Palmer, Tim N},
  journal={Reports on progress in Physics},
  volume={63},
  number={2},
  pages={71},
  year={2000},
  publisher={IOP Publishing}
}

@article{schumann1995stochastic,
  title={Stochastic backscatter of turbulence energy and scalar variance by random subgrid-scale fluxes},
  author={Schumann, Ulrich},
  journal={Proceedings of the Royal Society of London. Series A: Mathematical and Physical Sciences},
  volume={451},
  number={1941},
  pages={293--318},
  year={1995},
  publisher={The Royal Society London}
}

@article{beck2019deep,
  title={Deep neural networks for data-driven LES closure models},
  author={Beck, Andrea and Flad, David and Munz, Claus-Dieter},
  journal={Journal of Computational Physics},
  volume={398},
  pages={108910},
  year={2019},
  publisher={Elsevier}
}

@article{lucic2018gans,
  title={Are gans created equal? a large-scale study},
  author={Lucic, Mario and Kurach, Karol and Michalski, Marcin and Gelly, Sylvain and Bousquet, Olivier},
  journal={Advances in neural information processing systems},
  volume={31},
  year={2018}
}

@article{perezhogin2017comparison,
  title={Comparison of numerical advection schemes in two-dimensional turbulence simulation},
  author={Perezhogin, Pavel A and Glazunov, Andrey V and Mortikov, Evgeny V and Dymnikov, Valentin P},
  journal={Russian Journal of Numerical Analysis and Mathematical Modelling},
  volume={32},
  number={1},
  pages={47--60},
  year={2017},
  publisher={De Gruyter}
}

@article{jansen2019toward,
  title={Toward an energetically consistent, resolution aware parameterization of ocean mesoscale eddies},
  author={Jansen, Malte F and Adcroft, Alistair and Khani, Sina and Kong, Hailu},
  journal={Journal of Advances in Modeling Earth Systems},
  volume={11},
  number={8},
  pages={2844--2860},
  year={2019},
  publisher={Wiley Online Library}
}

@article{bachman2019gm,
  title={The GM+ E closure: A framework for coupling backscatter with the Gent and McWilliams parameterization},
  author={Bachman, Scott D},
  journal={Ocean Modelling},
  volume={136},
  pages={85--106},
  year={2019},
  publisher={Elsevier}
}

@article{bachman2017scale,
  title={A scale-aware subgrid model for quasi-geostrophic turbulence},
  author={Bachman, Scott D and Fox-Kemper, Baylor and Pearson, Brodie},
  journal={Journal of Geophysical Research: Oceans},
  volume={122},
  number={2},
  pages={1529--1554},
  year={2017},
  publisher={Wiley Online Library}
}

@article{bachman2018relationship,
  title={The relationship between a deformation-based eddy parameterization and the lans-$\alpha$ turbulence model},
  author={Bachman, Scott D and Anstey, James A and Zanna, Laure},
  journal={Ocean Modelling},
  volume={126},
  pages={56--62},
  year={2018},
  publisher={Elsevier}
}

@article{berloff2018dynamically,
  title={Dynamically consistent parameterization of mesoscale eddies. Part III: Deterministic approach},
  author={Berloff, Pavel},
  journal={Ocean Modelling},
  volume={127},
  pages={1--15},
  year={2018},
  publisher={Elsevier}
}

@article{pearson2017evaluation,
  title={Evaluation of scale-aware subgrid mesoscale eddy models in a global eddy-rich model},
  author={Pearson, Brodie and Fox-Kemper, Baylor and Bachman, Scott and Bryan, Frank},
  journal={Ocean Modelling},
  volume={115},
  pages={42--58},
  year={2017},
  publisher={Elsevier}
}

@article{grooms2015numerical,
  title={Numerical schemes for stochastic backscatter in the inverse cascade of quasigeostrophic turbulence},
  author={Grooms, Ian and Lee, Yoonsang and Majda, Andrew J},
  journal={Multiscale Modeling \& Simulation},
  volume={13},
  number={3},
  pages={1001--1021},
  year={2015},
  publisher={SIAM}
}

@article{Bolton2019,
author = {Bolton, Thomas and Zanna, Laure},
doi = {10.1029/2018MS001472},
journal = {Journal of Advances in Modeling Earth Systems},
number = {1},
pages = {376--399},
title = {{Applications of Deep Learning to Ocean Data Inference and Subgrid Parameterization}},
volume = {11},
year = {2019}
}

@article{shamekh2022implicit,
  title={Implicit learning of convective organization explains precipitation stochasticity},
  author={Shamekh, Sara and Lamb, Kara D and Huang, Yu and Gentine, Pierre},
  journal={Authorea Preprints},
  year={2022},
  publisher={Authorea}
}


@article{wang2022non,
  title={Non-local parameterization of atmospheric subgrid processes with neural networks},
  author={Wang, Peidong and Yuval, Janni and O’Gorman, Paul A},
  journal={Journal of Advances in Modeling Earth Systems},
  volume={14},
  number={10},
  pages={e2022MS002984},
  year={2022},
  publisher={Wiley Online Library}
}

@article{rasp2018deep,
  title={Deep learning to represent subgrid processes in climate models},
  author={Rasp, Stephan and Pritchard, Michael S and Gentine, Pierre},
  journal={Proceedings of the National Academy of Sciences},
  volume={115},
  number={39},
  pages={9684--9689},
  year={2018},
  publisher={National Acad Sciences}
}

@article{yuval2020stable,
  title={Stable machine-learning parameterization of subgrid processes for climate modeling at a range of resolutions},
  author={Yuval, Janni and O’Gorman, Paul A},
  journal={Nature communications},
  volume={11},
  number={1},
  pages={3295},
  year={2020},
  publisher={Nature Publishing Group UK London}
}

@article{maulik2019subgrid,
  title={Subgrid modelling for two-dimensional turbulence using neural networks},
  author={Maulik, Romit and San, Omer and Rasheed, Adil and Vedula, Prakash},
  journal={Journal of Fluid Mechanics},
  volume={858},
  pages={122--144},
  year={2019},
  publisher={Cambridge University Press}
}

@article{guan2022stable,
  title={Stable a posteriori LES of 2D turbulence using convolutional neural networks: Backscattering analysis and generalization to higher Re via transfer learning},
  author={Guan, Yifei and Chattopadhyay, Ashesh and Subel, Adam and Hassanzadeh, Pedram},
  journal={Journal of Computational Physics},
  volume={458},
  pages={111090},
  year={2022},
  publisher={Elsevier}
}

@article{beucler2021climate,
  title={Climate-Invariant Machine Learning},
  author={Beucler, Tom and Pritchard, Michael and Yuval, Janni and Gupta, Ankitesh and Peng, Liran and Rasp, Stephan and Ahmed, Fiaz and O'Gorman, Paul A and Neelin, J David and Lutsko, Nicholas J and others},
  journal={arXiv preprint arXiv:2112.08440},
  year={2021}
}

@article{frezat2021physical,
  title={Physical invariance in neural networks for subgrid-scale scalar flux modeling},
  author={Frezat, Hugo and Balarac, Guillaume and Le Sommer, Julien and Fablet, Ronan and Lguensat, Redouane},
  journal={Physical Review Fluids},
  volume={6},
  number={2},
  pages={024607},
  year={2021},
  publisher={APS}
}

@article{guan2023learning,
  title={Learning physics-constrained subgrid-scale closures in the small-data regime for stable and accurate LES},
  author={Guan, Yifei and Subel, Adam and Chattopadhyay, Ashesh and Hassanzadeh, Pedram},
  journal={Physica D: Nonlinear Phenomena},
  volume={443},
  pages={133568},
  year={2023},
  publisher={Elsevier}
}

@article{pawar2023frame,
  title={Frame invariant neural network closures for Kraichnan turbulence},
  author={Pawar, Suraj and San, Omer and Rasheed, Adil and Vedula, Prakash},
  journal={Physica A: Statistical Mechanics and its Applications},
  volume={609},
  pages={128327},
  year={2023},
  publisher={Elsevier}
}

@article{loose2022gcm,
  title={GCM-filters: A Python package for diffusion-based spatial filtering of gridded data},
  author={Loose, Nora and Abernathey, Ryan and Grooms, Ian and Busecke, Julius and Guillaumin, Arthur and Yankovsky, Elizabeth and Marques, Gustavo and Steinberg, Jacob and Ross, Andrew and Khatri, Hemant and others},
  journal={Journal of Open Source Software},
  volume={7},
  number={70},
  year={2022}
}

@article{verstappen2003symmetry,
  title={Symmetry-preserving discretization of turbulent flow},
  author={Verstappen, RWCP and Veldman, AEP},
  journal={Journal of Computational Physics},
  volume={187},
  number={1},
  pages={343--368},
  year={2003},
  publisher={Elsevier}
}

@article{huang2024approximately,
  title={Approximately equivariant graph networks},
  author={Huang, Ningyuan and Levie, Ron and Villar, Soledad},
  journal={Advances in Neural Information Processing Systems},
  volume={36},
  year={2024}
}

@article{schuchardt2023provable,
  title={Provable adversarial robustness for group equivariant tasks: Graphs, point clouds, molecules, and more},
  author={Schuchardt, Jan and Scholten, Yan and G{\"u}nnemann, Stephan},
  journal={Advances in Neural Information Processing Systems},
  volume={36},
  pages={197--252},
  year={2023}
}

@inproceedings{wang2021incorporating,
  title={Incorporating Symmetry into Deep Dynamics Models for Improved Generalization.},
  author={Wang, R},
  booktitle={International Conference on Learning Representations (ICLR)},
  year={2021}
}

@misc{brandstetter2023clifford,
      title={Clifford Neural Layers for PDE Modeling}, 
      author={Johannes Brandstetter and Rianne van den Berg and Max Welling and Jayesh K. Gupta},
      year={2023},
      eprint={2209.04934},
      archivePrefix={arXiv},
      primaryClass={cs.LG}
}


@article{thermalizer,
  title={Thermalizer: Stable autoregressive neural emulation of spatiotemporal chaos
},
  author={Christian Pedersen and Laure Zanna and Joan Bruna 1},
  year={2025}
}


@article{su2019one,
  title={One pixel attack for fooling deep neural networks},
  author={Su, Jiawei and Vargas, Danilo Vasconcellos and Sakurai, Kouichi},
  journal={IEEE Transactions on Evolutionary Computation},
  volume={23},
  number={5},
  pages={828--841},
  year={2019},
  publisher={IEEE}
}

@inproceedings{yu2017dilated,
  title={Dilated residual networks},
  author={Yu, Fisher and Koltun, Vladlen and Funkhouser, Thomas},
  booktitle={Proceedings of the IEEE conference on computer vision and pattern recognition},
  pages={472--480},
  year={2017}
}

@article{gregory2024robust,
  title={Robust Emulator for Compressible Navier-Stokes using Equivariant Geometric Convolutions},
  author={Gregory, Wilson G and Hogg, David W and Wong, Kaze WK and Villar, Soledad},
  journal={NeurIPS Workshop on Machine Learning for the Physical Sciences},
  year={2024}
}

@article{Wang2022ApproximatelyEN,
  title={Approximately Equivariant Networks for Imperfectly Symmetric Dynamics},
  author={Rui Wang and Robin Walters and Rose Yu},
  journal={ArXiv},
  year={2022},
  volume={abs/2201.11969},
  url={https://api.semanticscholar.org/CorpusID:246411585}
}

@article{Papernot2016PracticalBA,
  title={Practical Black-Box Attacks against Machine Learning},
  author={Nicolas Papernot and Patrick Mcdaniel and Ian J. Goodfellow and Somesh Jha and Z. Berkay Celik and Ananthram Swami},
  journal={Proceedings of the 2017 ACM on Asia Conference on Computer and Communications Security},
  year={2016},
  url={https://api.semanticscholar.org/CorpusID:1090603}
}

@article{Pathak2022FourCastNetAG,
  title={FourCastNet: A Global Data-driven High-resolution Weather Model using Adaptive Fourier Neural Operators},
  author={Jaideep Pathak and Shashank Subramanian and Peter Z. Harrington and Sanjeev Raja and Ashesh Chattopadhyay and Morteza Mardani and Thorsten Kurth and David Hall and Zong-Yi Li and Kamyar Azizzadenesheli and Pedram Hassanzadeh and Karthik Kashinath and Anima Anandkumar},
  journal={ArXiv},
  year={2022},
  volume={abs/2202.11214},
  url={https://api.semanticscholar.org/CorpusID:247058462}
}

@article{CAMELS:2020cof,
    author = "Villaescusa-Navarro, Francisco and others",
    collaboration = "CAMELS",
    title = "{The CAMELS project: Cosmology and Astrophysics with MachinE Learning Simulations}",
    eprint = "2010.00619",
    archivePrefix = "arXiv",
    primaryClass = "astro-ph.CO",
    doi = "10.3847/1538-4357/abf7ba",
    journal = "Astrophys. J.",
    volume = "915",
    pages = "71",
    year = "2021"
}

@inproceedings{Gregory2023EquivariantGC,
  title={Equivariant geometric convolutions for emulation of dynamical systems},
  author={Wilson Gregory and David W. Hogg and Ben Blum-Smith and Maria Teresa Arias and Kaze W. K. Wong and Soledad Villar},
  year={2023},
  url={https://api.semanticscholar.org/CorpusID:258832515}
}

@article{Kidger2022OnND,
  title={On Neural Differential Equations},
  author={Patrick Kidger},
  journal={ArXiv},
  year={2022},
  volume={abs/2202.02435},
  url={https://api.semanticscholar.org/CorpusID:246634262}
}

@article{Rackauckas2020UniversalDE,
  title={Universal Differential Equations for Scientific Machine Learning},
  author={Christopher Rackauckas and Yingbo Ma and Julius Martensen and Collin Warner and K. V. Zubov and Rohit B. Supekar and Dominic J. Skinner and Ali Ramadhan},
  journal={ArXiv},
  year={2020},
  volume={abs/2001.04385},
  url={https://api.semanticscholar.org/CorpusID:210164697}
}

@INPROCEEDINGS{2004AGUFMSF31A0712O,
       author = {{Obrien}, K.~M. and {Hankin}, S. and {Callahan}, J. and {Balaji}, V. and {Schweitzer}, R. and {McLean}, J. and {Wei}, Y. and {Manke}, A.},
        title = "{The GFDL Data Portal: a Doorway to Sharing Model Outputs}",
     keywords = {4200 OCEANOGRAPHY: GENERAL, 4500 OCEANOGRAPHY: PHYSICAL, 4800 OCEANOGRAPHY: BIOLOGICAL AND CHEMICAL, 3300 METEOROLOGY AND ATMOSPHERIC DYNAMICS, 0910 Data processing},
    booktitle = {AGU Fall Meeting Abstracts},
         year = 2004,
       volume = {2004},
        month = dec,
          eid = {SF31A-0712},
        pages = {SF31A-0712},
       adsurl = {https://ui.adsabs.harvard.edu/abs/2004AGUFMSF31A0712O},
      adsnote = {Provided by the SAO/NASA Astrophysics Data System}
}

